<record><leader>00000cas a22000007a 4500</leader><controlfield tag="001">18131914</controlfield><controlfield tag="008">880624d19141929txuwr ne      0    0eng d</controlfield><datafield ind1=" " ind2=" " tag="010"><subfield code="a">sn 88083800 </subfield></datafield><datafield ind1=" " ind2=" " tag="040"><subfield code="a">PPM</subfield><subfield code="b">eng</subfield><subfield code="c">PPM</subfield><subfield code="d">OCLCQ</subfield></datafield><datafield ind1=" " ind2=" " tag="042"><subfield code="a">msc</subfield></datafield><datafield ind1="0" ind2="0" tag="245"><subfield code="a">Mercedes tribune.</subfield></datafield><datafield ind1=" " ind2=" " tag="260"><subfield code="a">Mercedes, Tex. :</subfield><subfield code="b">Tribune Pub. Co.,</subfield><subfield code="c">1914-1929.</subfield></datafield><datafield ind1=" " ind2=" " tag="310"><subfield code="a">Weekly</subfield></datafield><datafield ind1="0" ind2=" " tag="362"><subfield code="a">Vol. 1, no. 1 (Jan. 23, 1914)-v. 16, no. 43 (Nov. 6, 1929).</subfield></datafield><datafield ind1=" " ind2=" " tag="752"><subfield code="a">United States</subfield><subfield code="b">Texas</subfield><subfield code="c">Hidalgo</subfield><subfield code="d">Mercedes.</subfield></datafield><datafield ind1="0" ind2="7" tag="785"><subfield code="t">Mercedes news</subfield><subfield code="w">(DLC)sn 88084118</subfield></datafield><datafield ind1="0" ind2="7" tag="785"><subfield code="t">Mercedes news-tribune</subfield><subfield code="w">(DLC)sn 86089726</subfield></datafield></record>